@incollection{lee2001algorithms,
title = {Algorithms for Non-negative Matrix Factorization},
author = {Daniel D. Lee and Seung, H. Sebastian},
booktitle = {Advances in Neural Information Processing Systems 13},
editor = {T. K. Leen and T. G. Dietterich and V. Tresp},
pages = {556--562},
year = {2001},
publisher = {MIT Press},
url = {http://papers.nips.cc/paper/1861-algorithms-for-non-negative-matrix-factorization.pdf}
}

@ARTICLE{6166359,
author={N. Guan and D. Tao and Z. Luo and B. Yuan},
journal={IEEE Transactions on Signal Processing},
title={NeNMF: An Optimal Gradient Method for Nonnegative Matrix Factorization},
year={2012},
volume={60},
number={6},
pages={2882-2898},
keywords={approximation theory;computer vision;convergence of numerical methods;data mining;gradient methods;iterative methods;least squares approximations;matrix decomposition;numerical analysis;pattern clustering;nonnegative matrix factorization;matrix decomposition technique;low-rank nonnegative matrix factors;signal processing;computer vision;data mining;multiplicative update rule;projected gradient method;projected nonnegative least squares;PNLS;active set method;slow convergence rate;numerical instability;nonconvergence;NeNMF solver;Nesterov optimal gradient method;iteration round;matrix factor;PG method;Lipschitz constant;time consuming line search;matrix factor;MUR;PG;numerical instability problem;optimal convergence rate;real-world datasets;synthetic datasets;Gradient methods;Convergence;Matrix decomposition;Sparse matrices;Least squares approximation;Educational institutions; $L_{1}$-norm;$L_{2}$-norm;manifold regularization;nonnegative matrix factorization (NMF);optimal gradient method},
doi={10.1109/TSP.2012.2190406},
ISSN={1053-587X},
month={June},}

@article{lee1999learning,
  title={Learning the parts of objects by non-negative matrix factorization},
  author={Lee, Daniel D and Seung, H Sebastian},
  journal={Nature},
  volume={401},
  number={6755},
  pages={788},
  year={1999},
  publisher={Nature Publishing Group}
}


@incollection{guillamet2002non,
  title={Non-negative matrix factorization for face recognition},
  author={Guillamet, David and Vitri{\`a}, Jordi},
  booktitle={Topics in artificial intelligence},
  pages={336--344},
  year={2002},
  publisher={Springer}
}

@article{guan2017truncated,
  title={Truncated Cauchy Non-negative Matrix Factorization for Robust Subspace Learning},
  author={Guan, Naiyang and Liu, Tongliang and Zhang, Yangmuzi and Tao, Dacheng and Davis, Larry Steven},
  journal={IEEE Transactions on Pattern Analysis and Machine Intelligence},
  year={2017},
  publisher={IEEE}
}
@article{sampat2005computer,
	title={Computer-aided detection and diagnosis in mammography},
	author={Sampat, Mehul P and Markey, Mia K and Bovik, Alan C and others},
	journal={Handbook of image and video processing},
	volume={2},
	number={1},
	pages={1195--1217},
	year={2005},
	publisher={New York: Academic}
}
@inproceedings{barbu2013variational,
	title={Variational image denoising approach with diffusion porous media flow},
	author={Barbu, Tudor},
	booktitle={Abstract and Applied Analysis},
	volume={2013},
	year={2013},
	organization={Hindawi}
}
@inproceedings{kong2011robust,
  title={Robust nonnegative matrix factorization using l21-norm},
  author={Kong, Deguang and Ding, Chris and Huang, Heng},
  booktitle={Proceedings of the 20th ACM international conference on Information and knowledge management},
  pages={673--682},
  year={2011},
  organization={ACM}
}

@book{Walck:1996cca,
      author         = "Walck, Christian",
      title          = "{Hand-book on statistical distributions for
                        experimentalists}",
      url            = "http://www.fysik.su.se/~walck/suf9601.pdf",
      year           = "1996",
      reportNumber   = "SUF-PFY/96–01",
      SLACcitation   = "%%CITATION = SUF-PFY/96–01;%%"
}

@inproceedings{lam2008non,
  title={Non-negative matrix factorization for images with Laplacian noise},
  author={Lam, Edmund Y},
  booktitle={Circuits and Systems, 2008. APCCAS 2008. IEEE Asia Pacific Conference on},
  pages={798--801},
  year={2008},
  organization={IEEE}
}

@article{lin2007convergence,
  title={On the convergence of multiplicative update algorithms for nonnegative matrix factorization},
  author={Lin, Chih-Jen},
  journal={IEEE Transactions on Neural Networks},
  volume={18},
  number={6},
  pages={1589--1596},
  year={2007},
  publisher={IEEE}
}

@article{guan2012nenmf,
  title={NeNMF: An optimal gradient method for nonnegative matrix factorization},
  author={Guan, Naiyang and Tao, Dacheng and Luo, Zhigang and Yuan, Bo},
  journal={IEEE Transactions on Signal Processing},
  volume={60},
  number={6},
  pages={2882--2898},
  year={2012},
  publisher={IEEE}
}

@article{berry2007algorithms,
  title={Algorithms and applications for approximate nonnegative matrix factorization},
  author={Berry, Michael W and Browne, Murray and Langville, Amy N and Pauca, V Paul and Plemmons, Robert J},
  journal={Computational statistics \& data analysis},
  volume={52},
  number={1},
  pages={155--173},
  year={2007},
  publisher={Elsevier}
}

@article{kim2008nonnegative,
  title={Nonnegative matrix factorization based on alternating nonnegativity constrained least squares and active set method},
  author={Kim, Hyunsoo and Park, Haesun},
  journal={SIAM journal on matrix analysis and applications},
  volume={30},
  number={2},
  pages={713--730},
  year={2008},
  publisher={SIAM}
}

@article{liu2015performance,
  title={On the performance of manhattan nonnegative matrix factorization},
  author={Liu, Tongliang and Tao, Dacheng},
  journal={IEEE Transactions on Neural Networks and Learning Systems},
  doi={10.1109/TNNLS.2015.2458986},
  month={September},
  volume={27},
  number={9},
  pages={1851--1863},
  year={2016},
  publisher={IEEE}
}
